% This file was created with JabRef 2.10.
% Encoding: UTF8

@MANUAL{frasson:2005:classe_abnt,
  title = {Classe ABNT: Confec{\c c}\~ao de trabalhos acad\^emicos em LATEX
	segundo as normas ABNT Vers\~ao 1.15},
  author = {Miguel V. S. Frasson and Gerald Weber},
  year = {2005},
  howpublished = {http://abntex.codigolivre.org.br}
}

@MISC{janos:2005:algpseudocode,
  month = {Abril},
  year = {2005},
  url = {http://www.tug.org/texlive/Contents/live/texmf-dist/doc/latex/algorithmicx/algorithmicx.pdf},
  urlaccessdate = {29/03/2011},
  author = {Sz\'asz J\'anos},
  owner = {marcos},
  timestamp = {2011.03.29},
  title = {The algorithmicx package}
}

@MISC{cassagojr:1997:amslatex,
  year = {1997},
  url = {http://www.icmc.usp.br/~sma/suporte/Ams-manual.pdf},
  urlaccessdate = {30/03/2011},
  author = {Herminio Cassago Junior and Luiz Carlos Franco},
  owner = {marcos},
  timestamp = {2011.03.30},
  title = {AMS-Latex}
}

@MISC{moses:2006:listings,
  year = {2006},
  url = {http://ftp.tex.ac.uk/tex-archive/macros/latex/contrib/listings/listings.pdf},
  urlaccessdate = {29/03/2011},
  author = {Brooks Moses},
  owner = {marcos},
  timestamp = {2011.03.29},
  title = {The Listings Package}
}

@ELECTRONIC{marcos:site,
  url = {http://sites.google.com/site/ultramarcos},
  urlaccessdate = {01/02/2012},
  author = {Marcos Roberto Ribeiro},
  owner = {marcos},
  timestamp = {05/06/2012}
}

@ELECTRONIC{usp:logo,
  url = {http://www.scs.usp.br/identidadevisual/wp-content/uploads/myriamkrasilchik_1996.pdf},
  urlaccessdate = {18 nov. 2014},
  year={1996},
  address={São Paulo},
  author = {KRASILCHIK, Myriam and Gomes, Celso de Barros and Melo, Francisco In\'acio Homem and Filho, Heliodoro Teixeira Bastos and Katinsky, Julio Roberto and Corr\^ea, Tup\~a Gomes},
  title={A USP e sua identidade visual},
  owner = {USP},
  timestamp = {18/11/2014}
}


@INBOOK{silva:inbook,
  author = {Jos\'e Silva},
  title = {Título do capítulo do livro},
  editor = {Maria da Silva},
  booktitle = {Título do Livro},
  chapter = {3},
  pages = {102-187},
  publisher = {Nome da Editora},
  address = {Cidade da Editora},
  year = {2011},
  owner = {marcos},
  timestamp = {05/06/2012}
}

@INCOLLECTION{silva:incollection,
  author = {Jos\'e Silva},
  title = {Título do livro},
  booktitle = {Título da Coletânea},
  editor = {Maria da Silva},
  pages = {350},
  publisher = {Nome da Editora},
  address = {Cidade da Editora},
  year = {2011},
  owner = {marcos},
  timestamp = {05/06/2012}
}

@INPROCEEDINGS{silva:inproceedings,
  author = {Jos\'e Silva},
  title = {Título do trabalho},
  organization = {Nome do evento},
  conference-number = {20},
  year = {2011},
  address = {Cidade do Evento},
  owner = {marcos},
  timestamp = {05/06/2012}
}

@MASTERSTHESIS{silva:master,
  author = {Jos\'e Silva},
  title = {Título da dissertação},
  school = {Instituto Federal Minas Gerais - Campus Bambuí},
  year = {2011},
  address = {Bambuí},
  owner = {marcos},
  timestamp = {05/06/2012}
}

@MONOGRAPHY{silva:monography,
  author = {Jos\'e Silva},
  title = {Título da monografia},
  type = {Graduação},
  school = {Instituto Federal Minas Gerais - Campus Bambuí},
  year = {2011},
  address = {Bambuí},
  owner = {marcos},
  timestamp = {05/06/2012}
}

@TECHREPORT{silva:tech,
  author = {Jos\'e Silva},
  title = {Título do relatório técnico},
  organization = {Instituto Federal Minas Gerais - Campus Bambuí},
  year = {2011},
  address = {Bambuí},
  owner = {marcos},
  timestamp = {05/06/2012}
}

@ARTICLE{silva:artigo,
  author = {Jos\'e Silva and Maria Silva},
  title = {Título do artigo},
  journal = {Nome da Revista},
  year = {2012},
  volume = {I},
  number = {2},
  pages = {37-48},
  owner = {marcos},
  timestamp = {05/06/2012}
}

@BOOKLET{silva:booklet,
  title = {Título do trabalho sem editora},
  author = {Jos\'e Silva and Maria Silva},
  year = {2012},
  owner = {marcos},
  timestamp = {05/06/2012}
}

@MANUAL{silveira:2006:manual_tcc,
  title = {Manual de Normalização para Apresentação de Trabalho de Conclusão
	de Curso (TCC)},
  author = {Simoni J\'ulia da Silveira},
  organization = {Centro Federal de Educa{\c c}\~ao Tecnol\'ogica de Bambu\'i},
  address = {Bambuí},
  year = {2006},
  owner = {marcos},
  timestamp = {2011.03.23}
}

@BOOK{wazlawick:2009,
  title = {Metodologia de pesquisa para ciência da computação},
  author = {Wazlawick, Raul Sidnei},
  publisher = {Elsevier},
  year = {2009},
  address = {Rio de Janeiro},
  owner = {marcos},
  timestamp = {05/06/2012}
}

@MISC{wikipedia:2011:america_sul,
  year = {2011},
  url = {http://pt.wikipedia.org/wiki/América do Sul},
  urlaccessdate = {23/03/2011},
  author = {Wikip\'edia},
  owner = {marcos},
  timestamp = {2011.03.23},
  title = {Am\'erica do Sul}
}

@comment{jabref-entrytype: Monography: req[author;title;type;school;year;address] opt[pages;pagename;url;urlaccessdate;note]}

